<record><leader>00000cas a22000007a 4500</leader><controlfield tag="001">20542387</controlfield><controlfield tag="008">891024d19381943mouwr ne      0    0eng d</controlfield><datafield ind1=" " ind2=" " tag="010"><subfield code="a">sn 89067335 </subfield></datafield><datafield ind1=" " ind2=" " tag="040"><subfield code="a">MQN</subfield><subfield code="b">eng</subfield><subfield code="c">MQN</subfield><subfield code="d">OCLCQ</subfield></datafield><datafield ind1=" " ind2=" " tag="042"><subfield code="a">msc</subfield></datafield><datafield ind1="0" ind2="4" tag="245"><subfield code="a">The Gower rustler and the Holt rustler.</subfield></datafield><datafield ind1=" " ind2=" " tag="260"><subfield code="a">Gower, Mo. :</subfield><subfield code="b">Roy E. Powell</subfield></datafield><datafield ind1=" " ind2=" " tag="300"><subfield code="a">v.</subfield></datafield><datafield ind1=" " ind2=" " tag="310"><subfield code="a">Weekly</subfield></datafield><datafield ind1="1" ind2=" " tag="362"><subfield code="a">Began in 1938? Ceased in 1943?</subfield></datafield><datafield ind1=" " ind2=" " tag="588"><subfield code="a">Description based on: Vol. 1, no. 16 (Feb. 17, 1939).</subfield></datafield><datafield ind1=" " ind2=" " tag="752"><subfield code="a">United States</subfield><subfield code="b">Missouri</subfield><subfield code="c">Clinton</subfield><subfield code="d">Gower.</subfield></datafield><datafield ind1=" " ind2=" " tag="752"><subfield code="a">United States</subfield><subfield code="b">Missouri</subfield><subfield code="c">Clinton</subfield><subfield code="d">Holt.</subfield></datafield><datafield ind1="0" ind2="0" tag="780"><subfield code="t">Holt rustler</subfield><subfield code="w">(DLC)sn 89063323</subfield></datafield></record>